@article{2022_tecom-cn,
	author	={tecom-cn},
	title	={JiangxiTecom Biochemistry Equipment Co., Ltd., Hematology Analyzers Biochemistry Analyzers Reagents},
	year	={2022},
	url	={https://en.tecom-cn.com/}
	}