@article{DBLP:journals/corr/abs-1802-10548,
  author    = {Carlos X. Hern{\'{a}}ndez and
               Mohammad M. Sultan and
               Vijay S. Pande},
  title     = {Using Deep Learning for Segmentation and Counting within Microscopy
               Data},
  journal   = {CoRR},
  volume    = {abs/1802.10548},
  year      = {2018},
  url       = {http://arxiv.org/abs/1802.10548},
  eprinttype = {arXiv},
  eprint    = {1802.10548},
  timestamp = {Mon, 13 Aug 2018 16:46:54 +0200},
  biburl    = {https://dblp.org/rec/journals/corr/abs-1802-10548.bib},
  bibsource = {dblp computer science bibliography, https://dblp.org}
}

