@article{AITypes-GeeksForGeeks,
author = {GeeksForGeeks},
title	 = {Supervised and Unsupervised learning - GeeksforGeeks},
year	 = {2022},
url	   = {https://www.geeksforgeeks.org/supervised-unsupervised-learning/}
}
