@article{Annie_Stuart_What_2022_webmd,
	author	={Annie Stuart What},
	title	={Acute Lymphoblastic Leukemia (ALL): Symptoms, Diagnosis, Treatment, Prognosis, and Survival Rate},
	year	={2022},
	url	={https://www.webmd.com/cancer/lymphoma/acute-lymphoblastic-leukemia}
}