@article{bhavnani2016segmentation,
  title={Segmentation and counting of WBCs and RBCs from microscopic blood sample images},
  author={Bhavnani, Lata A and Jaliya, Udesang K and Joshi, Mahasweta J},
  journal={International Journal of Image, Graphics and Signal Processing},
  volume={8},
  number={11},
  pages={32},
  year={2016},
  publisher={Modern Education and Computer Science Press}
}

