@inproceedings{boser1992training,
	title     = {A training algorithm for optimal margin classifiers},
	author    = {Boser, Bernhard E and Guyon, Isabelle M and Vapnik, Vladimir N},
	booktitle = {Proceedings of the fifth annual workshop on Computational learning theory},
	pages     = {144--152},
	year 			= {1992}
}

