@article{CBC-mayoclinic,
author = {mayoclinic},
title	 = {Complete blood count (CBC) - Mayo Clinic},
year	 = {2022},
url	   = {https://www.mayoclinic.org/tests-procedures/complete-blood-count/about/pac-20384919}
}

