@article{2022_cellavision,
	author	={Highlighting Interesting Articles},
	title	={CellaVision News Blast â€“ CellaVision AB},
	year	={2022},
	url	={https://blog.cellavision.com/}
	}