@inproceedings{chen2016dcan,
  title={DCAN: deep contour-aware networks for accurate gland segmentation},
  author={Chen, Hao and Qi, Xiaojuan and Yu, Lequan and Heng, Pheng-Ann},
  booktitle={Proceedings of the IEEE conference on Computer Vision and Pattern Recognition},
  pages={2487--2496},
  year={2016}
}