@article{circle-hough-transform,
author 	= {Wikipedia},
title 	= {Circle Hough Transform - Wikipedia},
year 		= {2022},
url			= {https://en.wikipedia.org/wiki/Circle_Hough_Transform}
}

