@article{V.KIMBAHUNE,
author = {V.KIMBAHUNE, VINOD and VINOD, and J.UKE, MR},
year = {2011},
month = {03},
pages = {},
title = {BLOOD CELL IMAGE SEGMENTATION AND COUNTING},
volume = {3},
journal = {International Journal of Engineering Science and Technology}
}
