@article{Clicking_On_2022_mayoclinic,
author = {Clicking On},
title	 = {Complete blood count (CBC) - Mayo Clinic},
year	 = {2022},
url	   = {https://www.mayoclinic.org/tests-procedures/complete-blood-count/about/pac-20384919}
}

