@article{CNN-IBM,
	author	={IBM},
	title	={What are Convolutional Neural Networks? | IBM},
	year	={2020},
	url	={https://www.ibm.com/cloud/learn/convolutional-neural-networks}
	}