@article{DG-ml-cheatsheet,
author = {ml-cheatsheet},
title	 = {Gradient Descent â€” ML Glossary documentation},
year	 = {2022},
url	   = {https://ml-cheatsheet.readthedocs.io/en/latest/gradient_descent.html}
}

