@article{digabel1978iterative,
  title={Iterative algorithms, actes du second symposium europeen dâ€™analyse quantitative des microstructures en sciences des materiaux, biologie et medecine, caen, 4-7 october 1977, j.-l. chermant, ed},
  author={Digabel, H and Lantuejoul, C},
  journal={Riederer Forlag, Stuttgart},
  year={1978}
}

