@inproceedings{frisken2000adaptively,
title 		= {Adaptively sampled distance fields: A general representation of shape for computer graphics},
author 		= {Frisken, Sarah F and Perry, Ronald N and Rockwood, Alyn P and Jones, Thouis R},
booktitle = {Proceedings of the 27th annual conference on Computer graphics and interactive techniques},
pages 		= {249--254},
year 			= {2000}
}

