@article{guiliang2016microscopic,
  title={Microscopic Cell Image Segmentation and Counting Algorithm Based on Image Definition.},
  author={Guiliang, FENG and Yiping, LU and Wei, PENG},
  journal={International Journal of Simulation--Systems, Science \& Technology},
  volume={17},
  number={38},
  year={2016}
}

