@article{hopkins1993human,
  title={Human Biology and Health},
  author={Hopkins, Jean and Maton, Anthea and Charles, WM and Susan, J and Maryanna, QW and David, L and Jill, DW},
  journal={New Jersey: Englewood Cliffs},
  year={1993}
}

