@inproceedings{labati2011all,
  title={All-IDB: The acute lymphoblastic leukemia image database for image processing},
  author={Labati, Ruggero Donida and Piuri, Vincenzo and Scotti, Fabio},
  booktitle={2011 18th IEEE international conference on image processing},
  pages={2045--2048},
  year={2011},
  organization={IEEE}
}

