@article{li2021robust,
  title={Robust Blood Cell Image Segmentation Method Based on Neural Ordinary Differential Equations},
  author={Li, Dongming and Tang, Peng and Zhang, Run and Sun, Changming and Li, Yong and Qian, Jingning and Liang, Yan and Yang, Jinhua and Zhang, Lijuan},
  journal={Computational and Mathematical Methods in Medicine},
  volume={2021},
  year={2021},
  publisher={Hindawi}
}

