@article{ljosa2012annotated,
  title={Annotated high-throughput microscopy image sets for validation.},
  author={Ljosa, Vebjorn and Sokolnicki, Katherine L and Carpenter, Anne E},
  journal={Nature methods},
  volume={9},
  number={7},
  pages={637--637},
  year={2012}
}
