@article{LR-GeeksForGeeks,
author = {LR-GeeksForGeeks},
title	 = {ML | Linear Regression - GeeksforGeeks},
year	 = {2022},
url		 = {https://www.geeksforgeeks.org/ml-linear-regression/}
}

