@article{mccarthy2004artificial,
  title={What is artificial intelligence},
  author={McCarthy, John},
  journal={URL: http://www-formal. stanford. edu/jmc/whatisai. html},
  year={2004}
}

