@article{minaee2021image,
  title={Image segmentation using deep learning: A survey},
  author={Minaee, Shervin and Boykov, Yuri Y and Porikli, Fatih and Plaza, Antonio J and Kehtarnavaz, Nasser and Terzopoulos, Demetri},
  journal={IEEE transactions on pattern analysis and machine intelligence},
  year={2021},
  publisher={IEEE}
}

