@article{ML-IBM,
	author = {IBM},
	title	 = {What is Machine Learning? | IBM},
	year	 = {2022},
	url	   = {https://www.ibm.com/cloud/learn/machine-learning}
}

