@article{murphy1996finley,
  title={The Finley affair: A signal event in the history of forecast verification},
  author={Murphy, Allan H},
  journal={Weather and forecasting},
  volume={11},
  number={1},
  pages={3--20},
  year={1996}
}

