@article{nurden2008platelets,
  title={Platelets and wound healing},
  author={Nurden, Alan T and Nurden, Paquita and Sanchez, Mikel and Andia, Isabel and Anitua, Eduardo and others},
  journal={Front Biosci},
  volume={13},
  number={9},
  pages={3532--48},
  year={2008}
}

