@article{paperswithcode-U-Net,
	author	={A Rectified Linear},
	title	={U-Net Explained | Papers With Code},
	year	={2022},
	url	={https://paperswithcode.com/method/u-net}
}