@article{patil2014blood,
  title={BLOOD CELL ANALYSIS USING IMAGE SEGMENTATION AND COUNTING},
  author={Patil, Shivani and Nikam, Vidya and Patil, Rajeshwari},
  journal={International Journal},
  volume={2},
  number={3},
  pages={657--660},
  year={2014}
}

