@article{pedersen2007circular,
title 	= {Circular hough transform},
author 	= {Pedersen, Simon Just Kjeldgaard},
journal = {Aalborg University, Vision, Graphics, and Interactive Systems},
volume 	= {123},
number 	= {6},
year 		= {2007}
}

