@data{pm77-2n23-20,
	doi = {10.21227/pm77-2n23},
	url = {https://dx.doi.org/10.21227/pm77-2n23},
	author = {Scotti, Fabio and Labati, Ruggero Donida and Piuri, Prof. Vincenzo },
	publisher = {IEEE Dataport},
	title = {ALL-IDB (Acute Lymphoblastic leukaemia-International Database)},
	year = {2020}
} 

