@inproceedings{sarrafzadeh2014selection,
  title={Selection of the best features for leukocytes classification in blood smear microscopic images},
  author={Sarrafzadeh, Omid and Rabbani, Hossein and Talebi, Ardeshir and Banaem, Hossein Usefi},
  booktitle={Medical Imaging 2014: Digital Pathology},
  volume={9041},
  pages={159--166},
  year={2014},
  organization={SPIE}
}

