@article{shahzad2020robust,
  title={Robust method for semantic segmentation of whole-slide blood cell microscopic images},
  author={Shahzad, Muhammad and Umar, Arif Iqbal and Khan, Muazzam A and Shirazi, Syed Hamad and Khan, Zakir and Yousaf, Waqas},
  journal={Computational and Mathematical Methods in Medicine},
  volume={2020},
  year={2020},
  publisher={Hindawi}
}

