@article{SSLvsRL-askanydifference,
author = {askanydifference},
title	 = {Difference Between Semi-Supervised and Reinforcement Learning (With Table)  â€“ Ask Any Difference},
year   = {2022},
url 	 = {https://askanydifference.com/difference-between-semi-supervised-and-reinforcement-learning/}
}

