@article{tran2019blood,
  title={Blood cell count using deep learning semantic segmentation},
  author={Tran, Thanh and Minh, Lam Binh and Lee, Suk-Hwan and Kwon, Ki-Ryong},
  year={2019},
  publisher={Preprints}
}

