@article{VGG-Gaudenz_Boesch,
author = {Gaudenz Boesch},
title  = {VGG Very Deep Convolutional Networks (VGGNet) - What you need to know - viso.ai},
year   = {2022},
url    = {https://viso.ai/deep-learning/vgg-very-deep-convolutional-networks/}
}

