@article{Vincent_And_Soille_2022_sciencedirect,
	author	={Vincent And Soille},
	title	={Watershed Segmentation - an overview | ScienceDirect Topics},
	year	={2022},
	url	={https://www.sciencedirect.com/topics/computer-science/watershed-segmentation}
}

