@article{WBC-clevelandclinic,
author = {clevelandclinic},
title	 = {White Blood Cells: What Are They, Normal Ranges, Role \& Function},
year	 = {2022},
url	   = {https://my.clevelandclinic.org/health/body/21871-white-blood-cells}
}

