@article{Zheng2018,
  title={Fast and Robust Segmentation of White Blood Cell Images by Self-supervised Learning},
  author={Xin Zheng and Yong Wang and Guoyou Wang and Jianguo Liu},
  journal={Micron},
  volume={107},
  pages={55--71},
  year={2018},
  publisher={Elsevier}
  doi={https://doi.org/10.1016/j.micron.2018.01.010},
  url={https://www.sciencedirect.com/science/article/pii/S0968432817303037}
}